<?xml version='1.0' encoding='UTF-8'?>
<record xmlns="http://www.loc.gov/MARC21/slim">
  <leader>01080cam a2200253   4500</leader>
  <controlfield tag="001">1580374</controlfield>
  <controlfield tag="003">NjP</controlfield>
  <controlfield tag="005">20100809134302.0</controlfield>
  <controlfield tag="008">900803s1960    iq abc   r    000 0 arar </controlfield>
  <datafield tag="024" ind1="7" ind2=" ">
    <subfield code="a">princeton_aco002399</subfield>
    <subfield code="2">local</subfield>
  </datafield>
  <datafield ind1=" " ind2=" " tag="010">
    <subfield code="a">ne 62001696  </subfield>
  </datafield>
  <datafield ind1=" " ind2=" " tag="035">
    <subfield code="a">(OCoLC)ocm22177796</subfield>
  </datafield>
  <datafield ind1=" " ind2=" " tag="035">
    <subfield code="9">CEY8356TS</subfield>
  </datafield>
  <datafield ind1=" " ind2=" " tag="040">
    <subfield code="a">DLC</subfield>
    <subfield code="c">WAU</subfield>
    <subfield code="d">PUL</subfield>
  </datafield>
  <datafield ind1=" " ind2=" " tag="043">
    <subfield code="a">a-iq---</subfield>
  </datafield>
  <datafield ind1="0" ind2=" " tag="050">
    <subfield code="a">DS67.8</subfield>
    <subfield code="b">.D3</subfield>
  </datafield>
  <datafield ind1="0" ind2="0" tag="245">
    <subfield code="a">Dālīl al-Jumhūrīyah al-ʻIrāqīyah li-sanat 1960,</subfield>
    <subfield code="b">dāʾirat maʻārif ʻilmīyah tārīkhīyah jughrāfīyah ijtimāʻīyah ṣināʻīyah zirāʻīyah tijārīyah.</subfield>
    <subfield code="c">Taʾlīf Maḥmūd Fahmī Darwīsh wa-Muṣṭafá Jawwād wa-Aḥmad Sūsah.</subfield>
  </datafield>
  <datafield ind1=" " ind2=" " tag="260">
    <subfield code="a">[Baghdād,</subfield>
    <subfield code="b">Dār Maṭbaʻat al-Tamaddun]</subfield>
    <subfield code="c">1960 [ḥaqīqatan 1961]</subfield>
  </datafield>
  <datafield ind1=" " ind2=" " tag="300">
    <subfield code="a">824 p.</subfield>
    <subfield code="b">illus., ports. (1 col.) maps (part col.)</subfield>
    <subfield code="c">30 cm.</subfield>
  </datafield>
  <datafield ind1=" " ind2=" " tag="500">
    <subfield code="a">Cover title: Directory of the Republic of Iraq.</subfield>
  </datafield>
  <datafield ind1=" " ind2="0" tag="651">
    <subfield code="a">Iraq</subfield>
    <subfield code="v">Directories.</subfield>
  </datafield>
  <datafield ind1="1" ind2=" " tag="700">
    <subfield code="a">Darwīsh, Maḥmūd Faḥmī.</subfield>
  </datafield>
  <datafield ind1="0" ind2=" " tag="740">
    <subfield code="a">Directory of the Republic of Iraq.</subfield>
  </datafield>
  <datafield ind1=" " ind2=" " tag="947">
    <subfield code="a">CEY8356</subfield>
  </datafield>
  <datafield ind1=" " ind2=" " tag="911">
    <subfield code="a">20000130</subfield>
  </datafield>
  <datafield ind1="0" ind2="0" tag="852">
    <subfield code="0">1818782</subfield>
    <subfield code="b">nec</subfield>
    <subfield code="t">0</subfield>
    <subfield code="c">Oversize</subfield>
    <subfield code="h">DS67.8</subfield>
    <subfield code="i">.D3 1960q</subfield>
  </datafield>
  <datafield ind1=" " ind2=" " tag="959">
    <subfield code="a">2000-06-13 00:00:00 -0400</subfield>
  </datafield>
</record>
